@book{nordling_physics_2021,
    isbn = {978-91-44-12806-1},
    publisher = {Studentlitteratur},
    edition = {9},
    author = {Nordling, Carl and Österman, Jonny},
    address = {Lund},
    title = {Physics {Handbook} for {Science} and {Engineering}},
    year = {2021},
}

@book{young_sears_2016,
    isbn = {978-0-321-97361-0},
    title = {Sears and {Zemansky}'s university physics: with modern physics},
    publisher = {Pearson},
    address = {USA},
    author = {Young, Hugh and Freedman, Roger},
    year = {2016},
}

@book{mathhb,
    address = {Lund},
    publisher = {Studentlitteratur},
    author = {Råde, Lennart and Westergren, Bertil},
    title = {BETA - Mathematics Handbook},
    isbn = {91-44-25051-7},
    year = {1988},
}
